@article{chatterjee1986types,
  title={Types of synergy and economic value: The impact of acquisitions on merging and rival firms},
  author={Chatterjee, Sayan},
  journal={Strategic management journal},
  volume={7},
  number={2},
  pages={119--139},
  year={1986},
  publisher={Wiley Online Library}
}

@article{vives1984duopoly,
  title={Duopoly information equilibrium: Cournot and Bertrand},
  author={Vives, Xavier},
  journal={Journal of economic theory},
  volume={34},
  number={1},
  pages={71--94},
  year={1984},
  publisher={Elsevier}
}


@article{weidner1992generalized,
  title={The generalized Nash bargaining solution and incentive compatible mechanisms},
  author={Weidner, Frank},
  journal={International Journal of Game Theory},
  volume={21},
  number={2},
  pages={109--129},
  year={1992},
  publisher={Springer}
}


@article{harsanyi1972generalized,
  title={A generalized Nash solution for two-person bargaining games with incomplete information},
  author={Harsanyi, John C and Selten, Reinhard},
  journal={Management science},
  volume={18},
  number={5-part-2},
  pages={80--106},
  year={1972},
  publisher={INFORMS}
}

@article{myerson1979incentive,
  title={Incentive compatibility and the bargaining problem},
  author={Myerson, Roger B},
  journal={Econometrica: journal of the Econometric Society},
  pages={61--73},
  year={1979},
  publisher={JSTOR}
}


@article{mcafee1992amicable,
  title={Amicable divorce: Dissolving a partnership with simple mechanisms},
  author={McAfee, R Preston},
  journal={Journal of Economic Theory},
  volume={56},
  number={2},
  pages={266--293},
  year={1992},
  publisher={Elsevier}
}

@article{cramton1987dissolving,
  title={Dissolving a partnership efficiently},
  author={Cramton, Peter and Gibbons, Robert and Klemperer, Paul},
  journal={Econometrica: Journal of the Econometric Society},
  pages={615--632},
  year={1987},
  publisher={JSTOR}
}

@article{rubinstein1982perfect,
  title={Perfect equilibrium in a bargaining model},
  author={Rubinstein, Ariel},
  journal={Econometrica: Journal of the Econometric Society},
  pages={97--109},
  year={1982},
  publisher={JSTOR}
}

@article{d2000bargaining,
  title={Bargaining and sharing innovative knowledge},
  author={d'Aspremont, Claude and Bhattacharya, Sudipto and G{\'e}rard-Varet, Louis-Andr{\'e}},
  journal={The Review of Economic Studies},
  volume={67},
  number={2},
  pages={255--271},
  year={2000},
  publisher={Wiley-Blackwell}
}


@article{valavi2020time,
  title={Time and the Value of Data},
  author={Valavi, Ehsan and Hestness, Joel and Ardalani, Newsha and Iansiti, Marco},
  journal={Harvard Business School Strategy Unit Working Paper},
  number={21-016},
  year={2020}
}


@incollection{griffith2014quantifying,
  title={Quantifying synergistic mutual information},
  author={Griffith, Virgil and Koch, Christof},
  booktitle={Guided Self-Organization: Inception},
  pages={159--190},
  year={2014},
  publisher={Springer}
}




@article{olbrich2015information,
  title={Information decomposition and synergy},
  author={Olbrich, Eckehard and Bertschinger, Nils and Rauh, Johannes},
  journal={Entropy},
  volume={17},
  number={5},
  pages={3501--3517},
  year={2015},
  publisher={Multidisciplinary Digital Publishing Institute}
}



@article{bertschinger2014quantifying,
  title={Quantifying unique information},
  author={Bertschinger, Nils and Rauh, Johannes and Olbrich, Eckehard and Jost, J{\"u}rgen and Ay, Nihat},
  journal={Entropy},
  volume={16},
  number={4},
  pages={2161--2183},
  year={2014},
  publisher={Multidisciplinary Digital Publishing Institute}
}


@article{anton2002sale,
  title={The sale of ideas: Strategic disclosure, property rights, and contracting},
  author={Anton, James J and Yao, Dennis A},
  journal={The Review of Economic Studies},
  volume={69},
  number={3},
  pages={513--531},
  year={2002},
  publisher={Wiley-Blackwell}
}

@article{admati2000forcing,
  title={Forcing firms to talk: Financial disclosure regulation and externalities},
  author={Admati, Anat R and Pfleiderer, Paul},
  journal={The Review of financial studies},
  volume={13},
  number={3},
  pages={479--519},
  year={2000},
  publisher={Oxford University Press}
}



@article{daley2020bargaining,
  title={Bargaining and news},
  author={Daley, Brendan and Green, Brett},
  journal={American Economic Review},
  volume={110},
  number={2},
  pages={428--74},
  year={2020}
}

@article{wang2018catering,
  title={Catering innovation: Entrepreneurship and the acquisition market},
  author={Wang, Xinxin},
  journal={Kenan Institute of Private Enterprise Research Paper},
  number={18-27},
  year={2018}
}


@misc{scott2019committee,
  title={Committee for the Study of Digital Platforms: Market Structure and Antitrust Subcommittee Report. Draft. Chicago: Stigler Center for the Study of the Economy and the State, University of Chicago Booth School of Business},
  author={Scott Morton, Fiona and Bouvier, Pascal and Ezrachi, Ariel and Jullien, Bruno and Katz, Roberta and Kimmelman, Gene and Melamed, A Douglas and Morgenstern, Jamie},
  year={2019}
}

@incollection{griffith2014quantifying,
  title={Quantifying synergistic mutual information},
  author={Griffith, Virgil and Koch, Christof},
  booktitle={Guided Self-Organization: Inception},
  pages={159--190},
  year={2014},
  publisher={Springer}
}

@article{cremer2019competition,
  title={Competition Policy for the digital era},
  author={Cr{\'e}mer, Jacques and de Montjoye, Yves-Alexandre and Schweitzer, Heike},
  journal={Report for the European Commission},
  year={2019}
}

@article{scharfstein1988disciplinary,
  title={The disciplinary role of takeovers},
  author={Scharfstein, David},
  journal={The Review of Economic Studies},
  volume={55},
  number={2},
  pages={185--199},
  year={1988},
  publisher={Wiley-Blackwell}
}

@article{farrell1990horizontal,
  title={Horizontal mergers: an equilibrium analysis},
  author={Farrell, Joseph and Shapiro, Carl},
  journal={The American Economic Review},
  pages={107--126},
  year={1990},
  publisher={JSTOR}
}

@article{loertscher2017merger,
  title={Merger Review for Markets with Buyer Power},
  author={Loertscher, Simon and Marx, Leslie M},
  year={2017}
}


@article{mukherjee2004merger,
  title={Merger motives and target valuation: A survey of evidence from CFOs},
  author={Mukherjee, Tarun K and Kiymaz, Halil and Baker, H Kent},
  journal={Journal of Applied Finance},
  volume={14},
  number={2},
  year={2004}
}


@article{stucke2016introduction,
  title={Introduction: Big Data and Competition Policy},
  author={Stucke, Maurice E and Grunes, Allen P},
  journal={Big Data and Competition Policy, Oxford University Press (2016)},
  year={2016}
}

@article{madura2008clustered,
  title={Clustered synergies in the takeover market},
  author={Madura, Jeff and Ngo, Thanh},
  journal={Journal of Financial Research},
  volume={31},
  number={4},
  pages={333--356},
  year={2008},
  publisher={Wiley Online Library}
}

@article{damodaran2005value,
  title={The value of synergy},
  author={Damodaran, Aswath},
  journal={Stern school of Business},
  pages={132--146},
  year={2005}
}

@article{cunningham2019killer,
  title={Killer acquisitions},
  author={Cunningham, Colleen and Ederer, Florian and Ma, Song},
  journal={Available at SSRN 3241707},
  year={2019}
}

@incollection{federico2019antitrust,
  title={Antitrust and Innovation: Welcoming and Protecting Disruption},
  author={Federico, Giulio and Morton, Fiona Scott and Shapiro, Carl},
  booktitle={Innovation Policy and the Economy, Volume 20},
  year={2019},
  publisher={University of Chicago Press}
}

@article{shapiro2019protecting,
  title={Protecting competition in the American economy: Merger control, tech titans, labor markets},
  author={Shapiro, Carl},
  journal={Journal of Economic Perspectives, Forthcoming},
  year={2019}
}

@article{gupta2002quantifying,
  title={Quantifying operational synergies in a merger/acquisition},
  author={Gupta, Diwakar and Gerchak, Yigal},
  journal={Management Science},
  volume={48},
  number={4},
  pages={517--533},
  year={2002},
  publisher={INFORMS}
}


@article{larsson1999integrating,
  title={Integrating strategic, organizational, and human resource perspectives on mergers and acquisitions: A case survey of synergy realization},
  author={Larsson, Rikard and Finkelstein, Sydney},
  journal={Organization science},
  volume={10},
  number={1},
  pages={1--26},
  year={1999},
  publisher={INFORMS}
}


@article{nocke2010dynamic,
  title={Dynamic merger review},
  author={Nocke, Volker and Whinston, Michael D},
  journal={Journal of Political Economy},
  volume={118},
  number={6},
  pages={1200--1251},
  year={2010},
  publisher={University of Chicago Press Chicago, IL}
}


@article{nocke2013merger,
  title={Merger policy with merger choice},
  author={Nocke, Volker and Whinston, Michael D},
  journal={American Economic Review},
  volume={103},
  number={2},
  pages={1006--33},
  year={2013}
}

